@misc{tex,
  title = {BibTeX},
  author = {Wikipédia},
  howpublished = {{https://pt.wikipedia.org/wiki/BibTeX}},
  month = {Janeiro},
  year = {2009},
  note = {Acessado em: 16 Novembro 2017},
}
@misc{Cecilia,
  title = {Guia Latex - Parte III: Estruturando e marcando o texto},
  author = {Cecilia Fernandes},
  howpublished = "{http://www.vidageek.net/2007/10/29/guia-latex-parte-iii-estruturando-e-marcando-o-texto/}",
  month = {Setembro},
  year = {2007},
  note = {Acessado em: 16 Novembro 2017},
}
@misc{Slides1,
  title = {Estruturas de Dados Não Lineares},
  author = {Guilherme N. Ramos},
  howpublished = "{gnramos@unb.br}",
  month = {},
  year = {},
  note = {},
}
@misc{Slides2,
  title = {Algoritmos \& Ordenação},
  author = {Guilherme N. Ramos},
  howpublished = "{gnramos@unb.br}",
  month = {},
  year = {},
  note = {},
}
@misc{site_latex,
  title = {A simple guide to LaTeX - Step by Step},
  author = {Claudio Vellage},
  howpublished = "{https://www.latex-tutorial.com/tutorials/}",
  month = {Outubro},
  year = {2017},
  note = {Acessado em: 13 Novembro 2017},
}